2600 4609
339 298 400 359 su
429 298 514 360 [ΛΒ.
529 297 605 360 ‘Vll
648 289 741 358 GAP.
768 293 863 360 xvii„
1031 387 1038 408 ι
1060 299 1122 365 158

86 471 137 532 diu
159 470 209 547 id,
231 467 316 550 qnod
335 453 394 528 sibi
414 469 608 550 promiserat,
637 469 773 532 eburae
791 467 958 548 nequisset,
978 467 1123 549 voluptass

84 567 144 616 teni
159 558 196 615 in
207 557 336 644 lapidem
350 554 428 614 fudit
443 556 549 615 rictus.
588 555 679 616 Hanc
697 564 784 635 petra
807 553 958 634 eoneepit,
981 563 1010 613 et
1025 556 1123 633 mugi-

85 643 176 701 tibus
190 642 278 701 editis
298 640 402 700 multis
420 641 505 721 prius
525 661 626 701 mensa
647 635 781 700 nascitur
799 639 914 699 decimo
936 649 1071 698 materno
1085 640 1124 698 ab

74 726 208 786 nomine
226 726 454 804 eognomnsatus
467 724 618 787 Ardeatis.
659 724 741 786 Huic
756 725 851 784 robur
868 724 1015 786 invictum
1033 734 1063 783 et
1077 725 1126 784 se-

84 813 196 872 moitas
209 812 413 880 anisniiuerat
431 811 650 888 intractabilis,
672 810 778 870 iruana
794 819 823 868 et
841 808 958 870 luridis
976 808 1072 868 libido
1088 830 1126 868 ex

86 908 213 977 unaque
225 916 313 957 sexus
329 896 362 954 vi
376 908 472 976 rapta.
516 896 612 957 Curius
621 915 689 956 uim
700 895 824 956 audacia
838 894 1014 974 quibusnam
1027 896 1125 955 modis

85 993 188 1061 posset
201 983 251 1042 vel
266 982 415 1050 debilitari
427 983 476 1042 vel
493 982 665 1064 comprimi,
687 1001 897 1064 saepenumero
909 987 987 1038 esset
1002 979 1139 1038 demna

86 1067 128 1125 in¹
137 1065 352 1128 deliberatione
373 1068 550 1146 quaesitus,
571 1067 662 1128 huius
678 1065 812 1127 muneris
828 1086 928 1126 euram
943 1064 1032 1124 Liber
1045 1065 1077 1123 in
1094 1067 1138 1124 se‘

88 1147 234 1233 suscepit:
262 1153 438 1212 santiliaseua
459 1154 505 1213 illi
528 1154 657 1227 fontem,
680 1171 739 1230 quo
761 1151 898 1228 arderem
910 1152 1007 1210 fuerat
1022 1159 1125 1209 suetus

89 1247 116 1295 et
136 1239 203 1298 sitis
228 1237 322 1298 lenire
344 1239 546 1315 flagrantiam,
573 1237 646 1297 ludo
665 1247 696 1295 et
715 1236 922 1298 venationibus
948 1234 1124 1310 excitatum,

85 1323 272 1382 validissima
292 1322 449 1384 succendit
464 1323 498 1384 vi
517 1322 606 1382 meri:
638 1321 823 1382 necessitatis
845 1321 880 1379 in
896 1330 1031 1400 tempore
1047 1319 1125 1378 hau·
1166 1353 1171 1362 ,

87 1416 164 1466 stum
182 1409 315 1468 temnit
330 1408 481 1468 Ardeatis:
508 1408 545 1466 fit
563 1417 598 1467 ut
616 1406 737 1467 insolita
758 1425 791 1467 re
810 1407 912 1466 victus
933 1425 1070 1485 soporem
1081 1407 1126 1464 in

54 1509 57 1516 ¹
88 1492 264 1553 altissimum
279 1493 472 1573 deprimatur.
493 1492 586 1553 Adest
599 1492 638 1552 ad
648 1492 773 1552 insidias
781 1492 884 1568 Liber,
897 1512 935 1551 ex
947 1492 1017 1550 selis
1030 1490 1125 1549 scien.

77 1577 197 1638 tissime
212 1579 398 1659 complicatis
411 1599 502 1638 unum
515 1580 636 1656 plantae
653 1578 753 1637 iniieit
764 1567 920 1657 laqueum,
934 1586 1019 1656 parte
1031 1578 1126 1648 altera

86 1665 185 1740 proles
207 1684 276 1723 cum
298 1663 373 1743 ipsis
392 1664 570 1742 genitalibus
592 1673 735 1744 occupat:
764 1663 919 1724 exsolutus
933 1662 986 1720 ille
1002 1661 1035 1720 vi
1049 1661 1126 1720 meri

88 1749 214 1828 corripit
233 1769 265 1808 se
287 1749 418 1828 impetu,
441 1757 472 1808 et
490 1748 658 1808 adducente
676 1768 771 1808 nexus
792 1749 910 1827 pluita,
933 1747 994 1805 suis
1008 1748 1074 1826 ipse
1093 1767 1126 1805 se
1237 1747 1242 1756 “

15 1909 16 1916 ¹
88 1831 199 1893 viribus
221 1854 270 1907 eo,
294 1854 354 1913 quo
372 1835 485 1911 furerat,
508 1834 609 1914 privat
628 1854 714 1893 sexu:
743 1854 811 1892 cum
830 1832 953 1891 dissidio
979 1830 1029 1914 (l)
1050 1853 1126 1912 par·

87 1916 158 1976 snm
173 1919 295 1996 sanguis
308 1919 378 1978 fluit
392 1919 567 1979 immensus:
596 1919 757 1998 rapiuntur
776 1927 806 1977 et
825 1917 1038 1977 combibuntur
1051 1916 1125 1986 baec

51 2049 55 2052 .
89 2010 180 2062 tarra:
209 2005 322 2064 malum
341 2013 464 2083 repente
487 2024 555 2064 cum
576 2005 675 2083 pomis
696 2023 734 2063 ex
751 2003 957 2084 hispunicum
978 2003 1123 2066 nascitur:
1151 2073 1152 2080 ἵ

91 2088 171 2146 cuius
189 2090 285 2148 Nassa
304 2089 433 2169 speeiem
453 2092 657 2169 contemplata
669 2090 747 2166 regis
764 2089 899 2167 §angarii
913 2089 1045 2148 fluminis
1063 2088 1127 2148 filia

92 2174 186 2251 carpit
209 2174 335 2249 mirans,
359 2184 448 2253 atque
470 2175 503 2233 in
523 2174 592 2233 sinu
613 2176 749 2254 reponit:
775 2175 812 2234 fit
830 2193 868 2234 ex
891 2194 924 2232 eo
943 2195 1125 2254 praegnans:

91 2265 231 2336 tmsquam
242 2259 379 2319 rifiatam
397 2260 511 2340 claudit
528 2270 630 2340 pater,
653 2269 684 2318 et
700 2269 786 2320 curat
798 2269 834 2318 ut
851 2259 952 2318 inedia
964 2260 1125 2320 moriatur:

90 2344 183 2420 pomis
199 2355 289 2423 atque
303 2345 369 2402 aliis
383 2345 515 2404 bacculis
536 2345 624 2404 deum
641 2353 825 2404 sustentatur
838 2363 856 2401 a
870 2353 978 2402 matre:
1001 2345 1127 2422 enititur

91 2429 256 2505 possulum.
300 2428 358 2488 Sed
372 2425 483 2510 exponi
496 2430 656 2506 Sangarius
668 2429 830 2509 praecipit:
857 2438 1011 2508 repertum
1024 2430 1126 2486 nes'cio
1236 2455 1243 2494 1

91 2513 155 2588 quis
174 2514 282 2590 sumit,
305 2515 429 2591 format,
451 2517 529 2574 lacte
551 2515 606 2572 alit
621 2513 781 2592 hirquino:
798 2522 846 2572 ‘et
864 2513 1012 2591 ¹quoniam
1031 2514 1129 2591 Lydia

92 2596 211 2658 scitulos
225 2599 269 2658 sic
279 2609 369 2658 vocat
377 2644 386 2676 ,
407 2602 457 2659 vel
472 2601 542 2679 quia
554 2599 656 2658 hireos
668 2598 800 2677 Phryges
812 2597 873 2657 suis
886 2597 1009 2677 Atagoe
1024 2599 1128 2658 elocu-
1205 2639 1209 2658 ι

91 2680 222 2743 tionibus
240 2694 433 2765 nuncupant,
455 2686 526 2745 inde
541 2684 622 2762 Atys
643 2704 753 2743 nomen
772 2692 808 2744 ut
825 2682 983 2744 sortiretur
1000 2684 1127 2743 effluxit.

92 2762 176 2828 liure
191 2769 283 2829 unice
297 2780 393 2830 mater
404 2771 510 2846 deum,
526 2791 577 2830 ore
590 2771 687 2829 suerat
699 2770 780 2848 quod
791 2767 1039 2828 excellentissime
1047 2813 1055 2844 ‚
1079 2769 1128 2827 di-

59 2865 60 2868 ’
92 2849 212 2931 ligabat,
237 2863 268 2914 et
281 2856 418 2914 Aedestis
432 2855 561 2914 blandus
580 2855 683 2914 adulto
701 2873 815 2930 comes,
836 2863 865 2913 et
881 2874 940 2932 qua
954 2855 1054 2913 solum
1068 2871 1128 2932 po-

93 2943 166 2997 terat
185 2960 298 2999 amans.
341 2941 425 3000 Tunc
438 2941 644 3000 Pessinuntius
664 2941 720 3000 r'ex
740 2941 836 3000 blidas
856 2937 985 2997 alienare
1003 2939 1128 3017 cupiens

92 3029 150 3081 tam
163 3025 268 3100 iniemi
279 3045 407 3104 puerum
423 3027 644 3102 coniunctione,
657 3025 847 3085 matrimonio
861 3025 923 3084 eius
938 3045 1023 3084 suam
1034 3025 1128 3086 filiam

95 3104 230 3170 destinat:
258 3119 294 3168 ab
314 3131 352 3170 ne
368 3132 492 3170 scaevus
515 3112 621 3191 aliquis
637 3111 785 3191 nuptialis
806 3111 1038 3190 interrumperet
1051 3130 1127 3187 gau-

96 3189 154 3269 dia,
175 3196 251 3256 iecit
266 3197 412 3276 oppidum
427 3197 540 3256 claudi:
570 3195 677 3256 verum
696 3197 784 3284 deum
799 3207 895 3257 mater
910 3194 1127 3258 adolescentuli

97 3277 186 3340 latum
206 3280 320 3356 sciens,
340 3282 479 3360 interque
495 3282 629 3341 homines
649 3282 737 3340 illurn
757 3291 818 3344 tarn
841 3282 895 3341 diu
913 3284 1048 3341 luturum
1064 3282 1127 3339 sal-

97 3380 178 3439 vum,
200 3366 345 3446 quamdiu
363 3377 440 3427 esset
462 3369 579 3427 solutus
600 3388 618 3425 a
636 3365 820 3427 ruanimonii
839 3367 971 3443 foedere,
996 3365 1128 3446 nequid
1222 3405 1225 3414 ι

99 3450 240 3512 accideret
257 3452 377 3532 moesti,
407 3453 559 3512 civitatem
577 3453 747 3530 ingreditur
772 3454 919 3528 clausam,
947 3453 1041 3511 muris
1065 3452 1127 3510 eius

100 3536 188 3611 capite
204 3536 381 3615 sublevatis,
403 3537 487 3617 quod
507 3558 570 3597 esse
588 3535 732 3598 turritum
752 3538 869 3598 ratione
890 3538 926 3596 ab
944 3536 1003 3595 liae
1019 3536 1128 3614 coepit.

99 3613 227 3681 Ardeatis
241 3632 356 3681 scatens
370 3623 416 3683 ira
430 3624 566 3682 convulsi
582 3645 601 3681 a
615 3645 645 3682 se
661 3623 761 3703 pueri,
785 3632 815 3683 et
828 3622 932 3682 uxoris
944 3621 982 3681 ad
994 3621 1129 3679 studium

101 3700 236 3782 derivati,
259 3707 487 3773 convivantibus
507 3709 622 3767 eunctis
638 3710 771 3770 fisrorem
785 3717 814 3767 et
828 3707 974 3766 insaniam
991 3706 1129 3784 suggerit.
1180 3731 1185 3738 ’

101 3783 168 3865 Atys
182 3793 330 3872 turianum
348 3803 378 3852 et
390 3794 454 3874 ipse
473 3793 534 3853 iam
551 3796 659 3873 plenus
676 3793 801 3875 proiicit
819 3812 851 3852 se
871 3792 1007 3866 tetidem,
1030 3800 1060 3850 et
1073 3790 1130 3858 sub

100 3870 161 3946 pini
177 3878 283 3938 arbore
301 3878 442 3956 genitalia
461 3880 518 3938 sibi
537 3879 672 3954 desecat,
696 3879 811 3938 dicens:
841 3877 1041 3946 tibiAcdesti
1056 3875 1131 3934 haee

102 3949 185 4035 baba,
205 3972 331 4045 propter
348 3983 425 4042 quae
441 3973 540 4023 motus
550 3974 651 4024 tantos
665 3963 820 4023 finialium
834 3961 1041 4024 dismimmum
1055 3982 1133 4022 con-1
1155 4015 1160 4032 ,
1193 3967 1200 3976 “

106 4040 204 4107 citasti.
245 4049 356 4112 Evolat
376 4069 444 4109 erun
466 4049 621 4154 profluvio
646 4049 800 4130 nonnanis
823 4047 903 4131 viu,
930 4048 984 4109 sed
1002 4046 1132 4110 abscissa
1189 4071 1193 4080 ·
1288 4045 1289 4078 ³
